% This file was created with JabRef 2.8.
% Encoding: UTF8

@ARTICLE{Akcay.etal2009,
  author = {Ak{\c c}ay, Erol and Van Cleve, Jeremy and Feldman, Marcus W. and
	Roughgarden, Joan},
  title = {A theory for the evolution of other-regard integrating proximate
	and ultimate perspectives},
  journal = {Proc. Natl. Acad. Sci.},
  year = {2009},
  volume = {106},
  pages = {19061-19066},
  number = {45}
}

@ARTICLE{Alonzo2010,
  author = {Suzanne H. Alonzo},
  title = {Social and coevolutionary feedbacks between mating and parental investment},
  journal = {Trends. Ecol. Evol.},
  year = {2010},
  volume = {25},
  pages = {99 - 108},
  number = {2}
}

@ARTICLE{Arnold2002,
  author = {Arnold, Kathryn E. and Owens, Ian P. F.},
  title = {Extra-pair paternity and egg dumping in birds: life history, parental
	care and the risk of retaliation},
  journal = {Proc. R. Soc. B},
  year = {2002},
  volume = {269},
  pages = {1263-1269},
  number = {1497}
}

@ARTICLE{Axelrod.Hamilton1981,
  author = {Axelrod, R. and Hamilton, W.D.},
  title = {The evolution of cooperation},
  journal = {Science},
  year = {1981},
  volume = {211},
  pages = {1390-1396}
}

@BOOK{Bennett.Owens2002,
  title = {Evolutionary Ecology of Birds : Life Histories, Mating Systems, and
	Extinction},
  publisher = {Oxford University Press},
  year = {2002},
  author = {Bennett, Peter M. and Owens, Ian P. F.},
  address = {Oxford}
}

@BOOK{Clutton-Brock1991,
  title = {The Evolution of Parental Care},
  publisher = {Princeton University Press},
  year = {1991},
  author = {Clutton-Brock, T. H.},
  address = {Princeton, N.J.}
}

@ARTICLE{Cockburn2006,
  author = {Cockburn, Andrew},
  title = {Prevalence of different modes of parental care in birds},
  journal = {Proc. R. Soc. B},
  year = {2006},
  volume = {273},
  pages = {1375-1383},
  number = {1592}
}

@ARTICLE{Dijk.etal2011,
  author = {van Dijk, Ren{\'e} E. and Sz{\'e}kely, Tam{\'a}s and Komdeur, Jan
	and Pog{\'a}ny, {\'A}kos and Fawcett, Tim W. and Weissing, Franz
	J.},
  title = {Individual variation and the resolution of conflict over parental
	care in penduline tits},
  journal = {Proceedings of the Royal Society B: Biological Sciences},
  year = {2011},
  volume = {279},
  pages = {1927-1936}
}

@ARTICLE{Emlen.Oring1977,
  author = {Emlen, ST and Oring, LW},
  title = {Ecology, sexual selection, and the evolution of mating systems},
  journal = {Science},
  year = {1977},
  volume = {197},
  pages = {215-223},
  number = {4300}
}

@INCOLLECTION{Ens1996,
  author = {Ens, Bruno J. and Choudhury, Sharmila and Black, Jeffrey M.},
  title = {Mate fidelity and divorce in monogamous birds},
  booktitle = {Partnerships in Birds: The Study of Monogamy},
  publisher = {Oxford University Press},
  year = {1996},
  editor = {Black, Jeffrey M.},
  pages = {344-402},
  address = {Oxford}
}

@ARTICLE{Fletcher.Doebeli2006,
  author = {Fletcher, J. A. and Doebeli, M.},
  title = {How altruism evolves: assortment and synergy},
  journal = {J. Evol. Biol.},
  year = {2006},
  volume = {19},
  pages = {1389--1393},
  number = {5}
}

@ARTICLE{Gardner.Smiseth2011,
  author = {Gardner, Andy and Smiseth, Per T.},
  title = {Evolution of parental care driven by mutual reinforcement of parental
	food provisioning and sibling competition},
  journal = {Proc. R. Soc. B},
  year = {2011},
  volume = {278},
  pages = {196--203},
  number = {1703}
}

@ARTICLE{Grafen.Sibly1978,
  author = {Alan Grafen and Richard Sibly},
  title = {A model of mate desertion},
  journal = {Anim. Behav.},
  year = {1978},
  volume = {26},
  pages = {645 - 652},
  number = {3}
}

@ARTICLE{Gunnarsson.etal2004,
  author = {Gunnarsson, T. G. and Gill, J. A. and Sigurbjornsson, T. and Sutherland,
	W. J.},
  title = {Pair bonds: Arrival synchrony in migratory birds},
  journal = {Nature},
  year = {2004},
  volume = {431},
  pages = {646-646},
  number = {7009}
}

@ARTICLE{Hauert.Doebeli2004,
  author = {Hauert, Christoph and Doebeli, Michael},
  title = {Spatial structure often inhibits the evolution of cooperation in
	the snowdrift game},
  journal = {Nature},
  year = {2004},
  volume = {428},
  pages = {643--646},
  number = {6983}
}

@ARTICLE{Ihara2004,
  author = {Yasuo Ihara and Marcus W. Feldman},
  title = {Cultural niche construction and the evolution of small family size},
  journal = {Theor. Popul. Biol.},
  year = {2004},
  volume = {65},
  pages = {105 - 111},
  number = {1}
}

@ARTICLE{Jeschke.Kokko2008,
  author = {Jeschke, Jonathan and Kokko, Hanna},
  title = {Mortality and other determinants of bird divorce rate},
  journal = {Behav. Ecol. Sociobiol.},
  year = {2008},
  volume = {63},
  pages = {1-9},
  number = {1}
}

@ARTICLE{Kokko.Lopez-Sepulcre2007,
  author = {Kokko, Hanna and LÃ³pez-Sepulcre, Andr{\'e}s},
  title = {The ecogenetic link between demography and evolution: can we bridge
	the gap between theory and data?},
  journal = {Ecol. Lett.},
  year = {2007},
  volume = {10},
  pages = {773--782},
  number = {9}
}

@ARTICLE{Lehmann.etal2007,
  author = {Lehmann, Laurent and Keller, Laurent and West, Stuart and Roze, Denis},
  title = {Group selection and kin selection: Two concepts but one process},
  journal = {Proc. Natl. Acad. Sci.},
  year = {2007},
  volume = {104},
  pages = {6736-6739},
  number = {16}
}

@BOOK{Ligon1999,
  title = {The Evolution of Avian Breeding Systems},
  publisher = {Oxford University Press},
  year = {1999},
  author = {Ligon, J.D.},
  address = {Oxford}
}

@ARTICLE{Masuda2007,
  author = {Masuda, Naoki},
  title = {Participation costs dismiss the advantage of heterogeneous networks
	in evolution of cooperation},
  journal = {Proc. R. Soc. B},
  year = {2007},
  volume = {274},
  pages = {1815--1821},
  number = {1620}
}

@BOOK{MaynardSmith1982,
  title = {Evolution and the Theory of Games},
  publisher = {Cambridge University Press},
  year = {1982},
  author = {Maynard Smith, John},
  address = {Cambridge}
}

@ARTICLE{McNamara.etal2008,
  author = {McNamara, John M. and Barta, Zoltan and Fromhage, Lutz and Houston,
	Alasdair I.},
  title = {The coevolution of choosiness and cooperation},
  journal = {Nature},
  year = {2008},
  volume = {451},
  pages = {189-192},
  number = {7175}
}

@ARTICLE{McNamara.etal1999,
  author = {McNamara, John M. and Forslund, P{\"a}r and Lang, Alison},
  title = {An ESS model for divorce strategies in birds},
  journal = {Phil. Trans. R. Soc. B},
  year = {1999},
  volume = {354},
  pages = {223-236},
  number = {1380}
}

@ARTICLE{Noe.Hammerstein1994,
  author = {No{\"e}, Ronald and Hammerstein, Peter},
  title = {Biological markets: supply and demand determine the effect of partner
	choice in cooperation, mutualism and mating},
  journal = {Behav. Ecol. Sociobiol.},
  year = {1994},
  volume = {35},
  pages = {1--11},
  number = {1}
}

@BOOK{Odling-Smee.etal2003,
  title = {Niche Construction: The Neglected Process in Evolution},
  publisher = {Princeton University Press},
  year = {2003},
  author = {Odling-Smee, F. John and Laland, Kevin N. and Feldman, Marcus W.},
  address = {Princeton, N.J.}
}

@ARTICLE{Pacheco.etal2008,
  author = {Pacheco, Jorge M. and Traulsen, Arne and Ohtsuki, Hisashi and Nowak,
	Martin A.},
  title = {Repeated games and direct reciprocity under active linking},
  journal = {J. Theor. Biol.},
  year = {2008},
  volume = {250},
  pages = {723-731},
  number = {4}
}

@ARTICLE{Perc.Szolnoki2010,
  author = {Matjaz Perc and Attila Szolnoki},
  title = {Coevolutionary games--A mini review},
  journal = {Biosystems},
  year = {2010},
  volume = {99},
  pages = {109 - 125},
  number = {2}
}

@ARTICLE{Powers.etal2011,
  author = {Powers, Simon T. and Penn, Alexandra S. and Watson, Richard A.},
  title = {THE CONCURRENT EVOLUTION OF COOPERATION AND THE POPULATION STRUCTURES
	THAT SUPPORT IT},
  journal = {Evolution},
  year = {2011},
  volume = {65},
  pages = {1527--1543},
  number = {6}
}

@ARTICLE{ROUGHGARDEN2012,
  author = {Roughgarden, J.},
  title = {Teamwork, pleasure and bargaining in animal social behaviour},
  journal = {J. Evol. Biol.},
  year = {2012},
  volume = {25},
  pages = {1454--1462},
  number = {7}
}

@ARTICLE{Santos.etal2006a,
  author = {Santos, Francisco C AND Pacheco, Jorge M AND Lenaerts, Tom},
  title = {Cooperation Prevails When Individuals Adjust Their Social Ties},
  journal = {PLoS Comput. Biol.},
  year = {2006},
  volume = {2},
  pages = {e140},
  number = {10}
}

@BOOK{Skyrms2004,
  title = {The Stag Hunt and the Evolution of Social Structure},
  publisher = {Cambridge University Press},
  year = {2004},
  author = {Skyrms, Brian},
  address = {Cambridge; New York}
}

@ARTICLE{Skyrms.Pemantle2000,
  author = {Skyrms, Brian and Pemantle, Robin},
  title = {A dynamic model of social network formation},
  journal = {Proc. Natl. Acad. Sci. U. S. A.},
  year = {2000},
  volume = {97},
  pages = {9340-9346},
  number = {16}
}

@BOOK{Smuts1985,
  title = {Sex and Friendship in Baboons},
  publisher = {Aldine Pub. Co.},
  year = {1985},
  author = {Smuts, Barbara B.},
  address = {New York}
}

@ARTICLE{Szekely.etal1999,
  author = {Sz{\'e}kely, Tam{\'a}s and Cuthill, Innes C. and Kis, J{\'a}nos},
  title = {Brood desertion in Kentish plover},
  journal = {Behav. Ecol.},
  year = {1999},
  volume = {10},
  pages = {185--190},
  number = {2}
}

@ARTICLE{Thomas1985,
  author = {Thomas, Bernhard},
  title = {On evolutionarily stable sets},
  journal = {J. Math. Biol.},
  year = {1985},
  volume = {22},
  pages = {105-115}
}

@ARTICLE{Thomas.etal2006,
  author = {Thomas, Gavin H and Freckleton, Robert P and Sz{\'e}kely, Tam{\'a}s},
  title = {Comparative analyses of the influence of developmental mode on phenotypic
	diversification rates in shorebirds},
  journal = {Proc. R. Soc. B},
  year = {2006},
  volume = {273},
  pages = {1619-1624},
  number = {1594}
}

@ARTICLE{Wu.etal2010,
  author = {Wu, Bin AND Zhou, Da AND Fu, Feng AND Luo, Qingjun AND Wang, Long
	AND Traulsen, Arne},
  title = {Evolution of Cooperation on Stochastic Dynamical Networks},
  journal = {PLoS ONE},
  year = {2010},
  volume = {5},
  pages = {e11187},
  number = {6}
}

